<record><leader>00000cas a2200000 a 4500</leader><controlfield tag="001">42342054</controlfield><controlfield tag="007">hd afb---buuu</controlfield><controlfield tag="008">830119d18751876waucr nea     0   a0eng c</controlfield><datafield ind1=" " ind2=" " tag="010"><subfield code="a">  2011252824</subfield></datafield><datafield ind1=" " ind2=" " tag="040"><subfield code="a">Wa</subfield><subfield code="b">eng</subfield><subfield code="c">WRJ</subfield><subfield code="d">OCL</subfield><subfield code="d">OCLCQ</subfield><subfield code="d">WAU</subfield><subfield code="d">OCLCF</subfield></datafield><datafield ind1=" " ind2=" " tag="042"><subfield code="a">pcc</subfield></datafield><datafield ind1=" " ind2=" " tag="043"><subfield code="a">n-us-wa</subfield></datafield><datafield ind1="0" ind2="4" tag="082"><subfield code="a">071.9748</subfield><subfield code="2">19</subfield></datafield><datafield ind1="0" ind2="4" tag="245"><subfield code="a">The Semi-weekly spirit</subfield><subfield code="h">[microform].</subfield></datafield><datafield ind1=" " ind2=" " tag="260"><subfield code="a">Walla Walla, W.T. [Wash.] :</subfield><subfield code="b">B.M. Washburn &amp; W.I. Mayfield</subfield></datafield><datafield ind1=" " ind2=" " tag="300"><subfield code="a">v. :</subfield><subfield code="b">ill.</subfield></datafield><datafield ind1=" " ind2=" " tag="310"><subfield code="a">Semiweekly (Wednesdays and Saturdays)</subfield></datafield><datafield ind1="1" ind2=" " tag="362"><subfield code="a">Began with: Vol. 1, no. 1 (Nov. 20, 1875).</subfield></datafield><datafield ind1="1" ind2=" " tag="362"><subfield code="a">Ceased in 1876.</subfield><subfield code="z">Cf. Newspapers in microform : United States, 1973-1977.</subfield></datafield><datafield ind1=" " ind2=" " tag="533"><subfield code="a">Microfilm.</subfield><subfield code="b">[Wooster, Ohio :</subfield><subfield code="c">Bell &amp; Howell, Micro Photo Division, distributor,</subfield><subfield code="d">19--].</subfield><subfield code="e">1 microfilm reel ; 35 mm.</subfield></datafield><datafield ind1=" " ind2=" " tag="588"><subfield code="a">Description based on: Vol. 1, no. 2 (Nov. 24, 1875); title from masthead.</subfield></datafield><datafield ind1=" " ind2=" " tag="588"><subfield code="a">Latest issue consulted: Vol. 1, no. 19 (Apr. 1876).</subfield></datafield><datafield ind1=" " ind2="0" tag="651"><subfield code="a">Walla Walla (Wash.)</subfield><subfield code="v">Newspapers.</subfield></datafield><datafield ind1=" " ind2="7" tag="655"><subfield code="a">Newspapers.</subfield><subfield code="2">fast</subfield><subfield code="0">(OCoLC)fst01423814</subfield></datafield><datafield ind1=" " ind2="7" tag="651"><subfield code="a">Washington (State)</subfield><subfield code="z">Walla Walla.</subfield><subfield code="2">fast</subfield><subfield code="0">(OCoLC)fst01208940</subfield></datafield><datafield ind1=" " ind2=" " tag="752"><subfield code="a">United States</subfield><subfield code="b">Washington</subfield><subfield code="c">Walla Walla</subfield><subfield code="d">Walla Walla.</subfield></datafield><datafield ind1="1" ind2=" " tag="776"><subfield code="c">Original</subfield><subfield code="w">(DLC)sn 88085417</subfield><subfield code="w">(OCoLC)17390644</subfield></datafield><datafield ind1="0" ind2="0" tag="780"><subfield code="t">Spirit of the West</subfield><subfield code="w">(DLC)  2011252825</subfield><subfield code="w">(OCoLC)42342030</subfield></datafield><datafield ind1="0" ind2="0" tag="785"><subfield code="t">Walla Walla watchman (Walla Walla, Wash. : 1876)</subfield><subfield code="w">(DLC)  2011252829</subfield><subfield code="w">(OCoLC)42343022</subfield></datafield></record>